@book{knuth1984,
  author    = {Donald E. Knuth},
  title     = {The TeXbook},
  publisher = {Addison-Wesley Professional},
  year      = {1984},
  address   = {Reading, Massachusetts},
}

@article{einstein1905,
  author  = {Albert Einstein},
  title   = {Zur Elektrodynamik bewegter KÃ¶rper},
  journal = {Annalen der Physik},
  volume  = {322},
  number  = {10},
  pages   = {891--921},
  year    = {1905},
}